%% This BibTeX bibliography file was created using BibDesk.
%% http://bibdesk.sourceforge.net/

%% Created for User at 2017-09-04 17:21:51 +0200 


%% Saved with string encoding Unicode (UTF-8) 



@book{GelmanEa2014,
	Address = {Boca Raton},
	Author = {Andrew Gelman and John B. Carlin and Hal S. Stern and David B. Dunson and Aki Vehtari and Donald B. Rubin},
	Date-Added = {2017-09-04 15:21:31 +0000},
	Date-Modified = {2017-09-04 15:21:31 +0000},
	Edition = {3},
	Publisher = {Chapman \& Hall},
	Title = {Bayesian data analysis},
	Year = {2014}}

@article{GelmanShalizi2013,
	Author = {Andrew Gelman and Cosma Rohilla Shalizi},
	Date-Added = {2017-09-04 15:21:31 +0000},
	Date-Modified = {2017-09-04 15:21:31 +0000},
	Journal = {British Journal of Mathematical and Statistical Psychology},
	Pages = {8--38},
	Title = {Philosophy and the practice of {B}ayesian statistics},
	Volume = {66},
	Year = {2013}}

@article{Mayo2013,
	Author = {Deborah G. Mayo},
	Date-Added = {2017-09-04 15:21:31 +0000},
	Date-Modified = {2017-09-04 15:21:31 +0000},
	Journal = {British Journal of Mathematical and Statistical Psychology},
	Pages = {57--64},
	Title = {The error-statistical philosophy and the practice of {B}ayesian statistics: Comments on {G}elman and {S}halizi: `{P}hilosophy and the practice of {B}ayesian statistics'},
	Volume = {66},
	Year = {2013}}

@book{GelmanHill2006,
	Address = {Cambridge},
	Author = {Andrew Gelman and Jennifer Hill},
	Date-Added = {2017-09-04 15:21:31 +0000},
	Date-Modified = {2017-09-04 15:21:31 +0000},
	Publisher = {Cambridge University Press},
	Title = {Data Analysis Using Regression and Multilevel\slash Hierarchical Models},
	Year = {2006}}

@article{MacDonaldGardner2000,
	Author = {Paul L. MacDonald and Robert C. Gardner},
	Date-Added = {2017-09-04 15:21:19 +0000},
	Date-Modified = {2017-09-04 15:21:19 +0000},
	Journal = {Educational and Psychological Measurement},
	Number = {5},
	Pages = {735--754},
	Title = {Type {I} Error Rate Comparisons of Post Hoc Procedures for {I}x{J} Chi-Square Tables},
	Volume = {60},
	Year = {2000}}
